@book{huachengying2022,
title = {模拟电子技术},
address = {},
author = {华成英},
publisher = {高等教育出版社},
year = {2022},
month = {12}
}
@book{Sanjaya2015,
title = {精通开关电源设计},
address = {},
author = {Sanjaya Maniktala},
publisher = {人民邮电出版社},
year = {2015},
month = {1}
}
@book{wangzhaoan2011,
title = {电力电子技术},
address = {},
author = {王兆安},
publisher = {机械工业出版社},
year = {2011},
month = {8}
}
@book{caimin2006,
title = {Cortex-M4权威指南},
address = {},
author = {Joseph Yiu and 吴常玉 and 曹孟娟 and 王丽红},
publisher = {清华大学出版社},
year = {2015},
month = {11}
}
